@book{DDEtext,
  author         = {John F. et al},
  editor         = {R.D. Driver},
  publisher      = {Springer-Verlag},
  title          = {Ordinary and Delay Differential Equations},
  year           = {1932},
}

@article{climatedde,
  author          = {Keane A. et al},
  journal         = {Chaos},
  title           = {AIP Publishing},
  volume          = {27},
  year            = {2017},
}

@article{gcmobsolete,
  author          = {Balaji V. et al},
  journal         = {PNAS},
  title           = {Are general circulation models obsolete?},
  year            = {2022},
}

@article{ensomodel, 
    author = {J. Suarez M. et al},
    title={A Delayed Action Oscillator for ENSO},
    year={1987}
}

@article{historyclimate,
    author={N. Edwards P.},
    title={History of climate modeling},
    year={2011},
    journal={Wiley},
    volume          = {2},
}

@misc{aboutelnino,
    title={What are El Niño and La Niña?},
    author={NOAA},
    year={2023}
}

@misc{thermocline,
title={What is a thermocline?},
author={NOAA},
year={2023}

}

@article{randomnino,
  author          = {Zelle H.},
  journal         = {Journal of Physical Oceanography},
  number          = {3},
  title           = {The Relationship between Sea Surface Temperature and Thermocline Depth in the Eastern Equatorial Pacific},
  volume          = {34},
  year            = {2004}
}

@book{functionalDDEtext,
  author         = {Hale J. et al},
  editor         = {Springer},
  publisher      = {Applied Mathematical Sciences},
  title          = {Introduction to Functional Differetial Equations},
  year           = {1993}
}

@misc{ndsolvedde,
  author       = {WolframAlpha},
  howpublished = {Website},
  title        = {Delay Differential Equations},
  year         = {2021}
}

@article{Hutchinson,
  author          = {G. Hutchinson},
  journal         = {Acad. Sci.},
  number          = {50},
  title           = {Circular causal systems in ecology},
  year            = {1948}
}

% https://www.math.miami.edu/~ruan/MyPapers/Ruan-nato.pdf

@article{wlamber,
  author          = {Corless, R. et al},
  journal         = {Advances in Computational Mathematics},
  number          = {5: 329-359},
  title           = {On the Lambert W Function},
  year            = {1996}
}

@article{ddesinglespecies,
  author          = {Shigui Ruan},
  journal={Delay Differential Equations and Applications},
  title           = {Delay Differential Equations in Single Species Dynamics},
  year            = {2006}
}

@book{scientificcomputing,
  author         = {Hiroki Sayama},
  publisher      = {LibreTexts},
  title          = {Introduction to the Modeling Analysis of Complex Systems},
  year           = {2023}
}